@misc{test,
    title = {test},
    note = "test",
    year = {2017}
}